@report{lab_procedures,
	author 			= {Thomas Chiou},
	title 			= {Lab 1 Practice Experiment and Data Analysis},
	date 			= {2023-01-26},
	organization 	= {Iowa State University},
	pages 			= {2-5}
}